<?xml version="1.0" encoding="UTF-8"?><record xmlns="http://www.loc.gov/MARC21/slim" xmlns:cinclude="http://apache.org/cocoon/include/1.0" xmlns:zs="http://www.loc.gov/zing/srw/">
  <leader>00432nz  a2200145n  4500</leader>
  <controlfield tag="001">nb2008020158</controlfield>
  <controlfield tag="003">DLC</controlfield>
  <controlfield tag="005">20080927081118.0</controlfield>
  <controlfield tag="008">080925n| acannaabn          |n aaa      </controlfield>
  <datafield tag="010" ind1=" " ind2=" ">
    <subfield code="a">nb2008020158</subfield>
  </datafield>
  <datafield tag="035" ind1=" " ind2=" ">
    <subfield code="a">(Uk)007238537</subfield>
  </datafield>
  <datafield tag="040" ind1=" " ind2=" ">
    <subfield code="a">Uk</subfield>
    <subfield code="b">eng</subfield>
    <subfield code="c">Uk</subfield>
  </datafield>
  <datafield tag="100" ind1="1" ind2=" ">
    <subfield code="a">Marton, Endre,</subfield>
    <subfield code="d">1910-2005</subfield>
  </datafield>
  <datafield tag="670" ind1=" " ind2=" ">
    <subfield code="a">Tiltott eĚgbolt, 2000:</subfield>
    <subfield code="b">t.p. (Marton Endre)</subfield>
  </datafield>
  <datafield tag="670" ind1=" " ind2=" ">
    <subfield code="a">Hungarian Nat. Lib. database, 25 Sep. 2008</subfield>
    <subfield code="b">(hdg.: Marton, Endre, 1910-2005)</subfield>
  </datafield>
</record>